%YAML 1.1
%TAG !u! tag:unity3d.com,2011:
--- !u!1001 &100100000
Prefab:
  m_ObjectHideFlags: 1
  serializedVersion: 2
  m_Modification:
    m_TransformParent: {fileID: 0}
    m_Modifications: []
    m_RemovedComponents: []
  m_ParentPrefab: {fileID: 0}
  m_RootGameObject: {fileID: 1220468668452110}
  m_IsPrefabParent: 1
--- !u!1 &1015567760296616
GameObject:
  m_ObjectHideFlags: 0
  m_PrefabParentObject: {fileID: 0}
  m_PrefabInternal: {fileID: 100100000}
  serializedVersion: 5
  m_Component:
  - component: {fileID: 4449793496842024}
  - component: {fileID: 33824967601474532}
  - component: {fileID: 65538100295706574}
  - component: {fileID: 23360971271031426}
  m_Layer: 0
  m_Name: Base
  m_TagString: Untagged
  m_Icon: {fileID: 0}
  m_NavMeshLayer: 0
  m_StaticEditorFlags: 0
  m_IsActive: 1
--- !u!1 &1063282514306306
GameObject:
  m_ObjectHideFlags: 0
  m_PrefabParentObject: {fileID: 0}
  m_PrefabInternal: {fileID: 100100000}
  serializedVersion: 5
  m_Component:
  - component: {fileID: 4709066429656966}
  m_Layer: 0
  m_Name: TargetFlag
  m_TagString: Untagged
  m_Icon: {fileID: 0}
  m_NavMeshLayer: 0
  m_StaticEditorFlags: 0
  m_IsActive: 1
--- !u!1 &1112608690323870
GameObject:
  m_ObjectHideFlags: 0
  m_PrefabParentObject: {fileID: 0}
  m_PrefabInternal: {fileID: 100100000}
  serializedVersion: 5
  m_Component:
  - component: {fileID: 4342892824654942}
  - component: {fileID: 33787789623033202}
  - component: {fileID: 136496818393939056}
  - component: {fileID: 23668041041636364}
  m_Layer: 0
  m_Name: RightPost
  m_TagString: Untagged
  m_Icon: {fileID: 0}
  m_NavMeshLayer: 0
  m_StaticEditorFlags: 0
  m_IsActive: 1
--- !u!1 &1220468668452110
GameObject:
  m_ObjectHideFlags: 0
  m_PrefabParentObject: {fileID: 0}
  m_PrefabInternal: {fileID: 100100000}
  serializedVersion: 5
  m_Component:
  - component: {fileID: 4763578218122248}
  - component: {fileID: 54563318746496308}
  m_Layer: 0
  m_Name: OTANTarget
  m_TagString: Untagged
  m_Icon: {fileID: 0}
  m_NavMeshLayer: 0
  m_StaticEditorFlags: 0
  m_IsActive: 1
--- !u!1 &1454549085483068
GameObject:
  m_ObjectHideFlags: 1
  m_PrefabParentObject: {fileID: 0}
  m_PrefabInternal: {fileID: 100100000}
  serializedVersion: 5
  m_Component:
  - component: {fileID: 4762269282976350}
  - component: {fileID: 137158478973958116}
  - component: {fileID: 183747114581572926}
  m_Layer: 0
  m_Name: Cloth
  m_TagString: Untagged
  m_Icon: {fileID: 0}
  m_NavMeshLayer: 0
  m_StaticEditorFlags: 0
  m_IsActive: 1
--- !u!1 &1458495167653854
GameObject:
  m_ObjectHideFlags: 0
  m_PrefabParentObject: {fileID: 0}
  m_PrefabInternal: {fileID: 100100000}
  serializedVersion: 5
  m_Component:
  - component: {fileID: 4793130805855636}
  - component: {fileID: 33225423077149250}
  - component: {fileID: 136127556742444922}
  - component: {fileID: 23977702241193590}
  m_Layer: 0
  m_Name: BottomPost
  m_TagString: Untagged
  m_Icon: {fileID: 0}
  m_NavMeshLayer: 0
  m_StaticEditorFlags: 0
  m_IsActive: 1
--- !u!1 &1548357785375764
GameObject:
  m_ObjectHideFlags: 0
  m_PrefabParentObject: {fileID: 0}
  m_PrefabInternal: {fileID: 100100000}
  serializedVersion: 5
  m_Component:
  - component: {fileID: 4919309113774708}
  - component: {fileID: 33141680008705028}
  - component: {fileID: 136759305101306814}
  - component: {fileID: 23933946955040028}
  m_Layer: 0
  m_Name: LeftPost
  m_TagString: Untagged
  m_Icon: {fileID: 0}
  m_NavMeshLayer: 0
  m_StaticEditorFlags: 0
  m_IsActive: 1
--- !u!1 &1678455949583910
GameObject:
  m_ObjectHideFlags: 0
  m_PrefabParentObject: {fileID: 0}
  m_PrefabInternal: {fileID: 100100000}
  serializedVersion: 5
  m_Component:
  - component: {fileID: 4235778421157008}
  - component: {fileID: 33028092063659008}
  - component: {fileID: 136144904548167056}
  - component: {fileID: 23309199962713530}
  m_Layer: 0
  m_Name: TopPost
  m_TagString: Untagged
  m_Icon: {fileID: 0}
  m_NavMeshLayer: 0
  m_StaticEditorFlags: 0
  m_IsActive: 1
--- !u!4 &4235778421157008
Transform:
  m_ObjectHideFlags: 1
  m_PrefabParentObject: {fileID: 0}
  m_PrefabInternal: {fileID: 100100000}
  m_GameObject: {fileID: 1678455949583910}
  m_LocalRotation: {x: -0, y: -0, z: 0.7071069, w: 0.70710677}
  m_LocalPosition: {x: 0, y: 2.933998, z: 0}
  m_LocalScale: {x: 0.1500001, y: 1.1500007, z: 0.15}
  m_Children: []
  m_Father: {fileID: 4763578218122248}
  m_RootOrder: 1
  m_LocalEulerAnglesHint: {x: 0, y: 0, z: 90}
--- !u!4 &4342892824654942
Transform:
  m_ObjectHideFlags: 1
  m_PrefabParentObject: {fileID: 0}
  m_PrefabInternal: {fileID: 100100000}
  m_GameObject: {fileID: 1112608690323870}
  m_LocalRotation: {x: -0, y: -0, z: -0, w: 1}
  m_LocalPosition: {x: -1.0920012, y: 1.2734985, z: 0}
  m_LocalScale: {x: 0.15, y: 1.6500001, z: 0.15}
  m_Children: []
  m_Father: {fileID: 4763578218122248}
  m_RootOrder: 3
  m_LocalEulerAnglesHint: {x: 0, y: 0, z: 0}
--- !u!4 &4449793496842024
Transform:
  m_ObjectHideFlags: 1
  m_PrefabParentObject: {fileID: 0}
  m_PrefabInternal: {fileID: 100100000}
  m_GameObject: {fileID: 1015567760296616}
  m_LocalRotation: {x: -0, y: -0, z: -0, w: 1}
  m_LocalPosition: {x: 0, y: -0.45000076, z: 0}
  m_LocalScale: {x: 2.682261, y: 0.15, z: 0.93403435}
  m_Children: []
  m_Father: {fileID: 4763578218122248}
  m_RootOrder: 0
  m_LocalEulerAnglesHint: {x: 0, y: 0, z: 0}
--- !u!4 &4709066429656966
Transform:
  m_ObjectHideFlags: 1
  m_PrefabParentObject: {fileID: 0}
  m_PrefabInternal: {fileID: 100100000}
  m_GameObject: {fileID: 1063282514306306}
  m_LocalRotation: {x: -0, y: -0, z: -0, w: 1}
  m_LocalPosition: {x: 0, y: 1.3875008, z: 0}
  m_LocalScale: {x: 2, y: 3, z: 1}
  m_Children:
  - {fileID: 4762269282976350}
  m_Father: {fileID: 4763578218122248}
  m_RootOrder: 5
  m_LocalEulerAnglesHint: {x: 0, y: 0, z: 0}
--- !u!4 &4762269282976350
Transform:
  m_ObjectHideFlags: 1
  m_PrefabParentObject: {fileID: 0}
  m_PrefabInternal: {fileID: 100100000}
  m_GameObject: {fileID: 1454549085483068}
  m_LocalRotation: {x: -0.000000115202326, y: 0.7071067, z: -0.7071068, w: -0.00000011520231}
  m_LocalPosition: {x: 0, y: -0.014, z: 0}
  m_LocalScale: {x: 0.1, y: 0.01, z: 0.10000001}
  m_Children: []
  m_Father: {fileID: 4709066429656966}
  m_RootOrder: 0
  m_LocalEulerAnglesHint: {x: 90, y: 180, z: 0}
--- !u!4 &4763578218122248
Transform:
  m_ObjectHideFlags: 1
  m_PrefabParentObject: {fileID: 0}
  m_PrefabInternal: {fileID: 100100000}
  m_GameObject: {fileID: 1220468668452110}
  m_LocalRotation: {x: -0, y: -0.042399965, z: -0, w: 0.99910074}
  m_LocalPosition: {x: 723.635, y: 52.87, z: 721.597}
  m_LocalScale: {x: 1, y: 1, z: 1}
  m_Children:
  - {fileID: 4449793496842024}
  - {fileID: 4235778421157008}
  - {fileID: 4919309113774708}
  - {fileID: 4342892824654942}
  - {fileID: 4793130805855636}
  - {fileID: 4709066429656966}
  m_Father: {fileID: 0}
  m_RootOrder: 0
  m_LocalEulerAnglesHint: {x: 0, y: -4.86, z: 0}
--- !u!4 &4793130805855636
Transform:
  m_ObjectHideFlags: 1
  m_PrefabParentObject: {fileID: 0}
  m_PrefabInternal: {fileID: 100100000}
  m_GameObject: {fileID: 1458495167653854}
  m_LocalRotation: {x: -0, y: -0, z: 0.7071069, w: 0.70710677}
  m_LocalPosition: {x: 0, y: -0.189, z: 0}
  m_LocalScale: {x: 0.05, y: 1.1500008, z: 0.05}
  m_Children: []
  m_Father: {fileID: 4763578218122248}
  m_RootOrder: 4
  m_LocalEulerAnglesHint: {x: 0, y: 0, z: 90}
--- !u!4 &4919309113774708
Transform:
  m_ObjectHideFlags: 1
  m_PrefabParentObject: {fileID: 0}
  m_PrefabInternal: {fileID: 100100000}
  m_GameObject: {fileID: 1548357785375764}
  m_LocalRotation: {x: -0, y: -0, z: -0, w: 1}
  m_LocalPosition: {x: 1.0920012, y: 1.2734985, z: -0}
  m_LocalScale: {x: 0.15, y: 1.6500001, z: 0.15}
  m_Children: []
  m_Father: {fileID: 4763578218122248}
  m_RootOrder: 2
  m_LocalEulerAnglesHint: {x: 0, y: 0, z: 0}
--- !u!23 &23309199962713530
MeshRenderer:
  m_ObjectHideFlags: 1
  m_PrefabParentObject: {fileID: 0}
  m_PrefabInternal: {fileID: 100100000}
  m_GameObject: {fileID: 1678455949583910}
  m_Enabled: 1
  m_CastShadows: 1
  m_ReceiveShadows: 1
  m_MotionVectors: 1
  m_LightProbeUsage: 1
  m_ReflectionProbeUsage: 1
  m_Materials:
  - {fileID: 2100000, guid: e24cc13f45a46462195d7bcdfc861112, type: 2}
  m_StaticBatchInfo:
    firstSubMesh: 0
    subMeshCount: 0
  m_StaticBatchRoot: {fileID: 0}
  m_ProbeAnchor: {fileID: 0}
  m_LightProbeVolumeOverride: {fileID: 0}
  m_ScaleInLightmap: 1
  m_PreserveUVs: 1
  m_IgnoreNormalsForChartDetection: 0
  m_ImportantGI: 0
  m_SelectedEditorRenderState: 3
  m_MinimumChartSize: 4
  m_AutoUVMaxDistance: 0.5
  m_AutoUVMaxAngle: 89
  m_LightmapParameters: {fileID: 0}
  m_SortingLayerID: 0
  m_SortingOrder: 0
--- !u!23 &23360971271031426
MeshRenderer:
  m_ObjectHideFlags: 1
  m_PrefabParentObject: {fileID: 0}
  m_PrefabInternal: {fileID: 100100000}
  m_GameObject: {fileID: 1015567760296616}
  m_Enabled: 1
  m_CastShadows: 1
  m_ReceiveShadows: 1
  m_MotionVectors: 1
  m_LightProbeUsage: 1
  m_ReflectionProbeUsage: 1
  m_Materials:
  - {fileID: 2100000, guid: e24cc13f45a46462195d7bcdfc861112, type: 2}
  m_StaticBatchInfo:
    firstSubMesh: 0
    subMeshCount: 0
  m_StaticBatchRoot: {fileID: 0}
  m_ProbeAnchor: {fileID: 0}
  m_LightProbeVolumeOverride: {fileID: 0}
  m_ScaleInLightmap: 1
  m_PreserveUVs: 1
  m_IgnoreNormalsForChartDetection: 0
  m_ImportantGI: 0
  m_SelectedEditorRenderState: 3
  m_MinimumChartSize: 4
  m_AutoUVMaxDistance: 0.5
  m_AutoUVMaxAngle: 89
  m_LightmapParameters: {fileID: 0}
  m_SortingLayerID: 0
  m_SortingOrder: 0
--- !u!23 &23668041041636364
MeshRenderer:
  m_ObjectHideFlags: 1
  m_PrefabParentObject: {fileID: 0}
  m_PrefabInternal: {fileID: 100100000}
  m_GameObject: {fileID: 1112608690323870}
  m_Enabled: 1
  m_CastShadows: 1
  m_ReceiveShadows: 1
  m_MotionVectors: 1
  m_LightProbeUsage: 1
  m_ReflectionProbeUsage: 1
  m_Materials:
  - {fileID: 2100000, guid: e24cc13f45a46462195d7bcdfc861112, type: 2}
  m_StaticBatchInfo:
    firstSubMesh: 0
    subMeshCount: 0
  m_StaticBatchRoot: {fileID: 0}
  m_ProbeAnchor: {fileID: 0}
  m_LightProbeVolumeOverride: {fileID: 0}
  m_ScaleInLightmap: 1
  m_PreserveUVs: 1
  m_IgnoreNormalsForChartDetection: 0
  m_ImportantGI: 0
  m_SelectedEditorRenderState: 3
  m_MinimumChartSize: 4
  m_AutoUVMaxDistance: 0.5
  m_AutoUVMaxAngle: 89
  m_LightmapParameters: {fileID: 0}
  m_SortingLayerID: 0
  m_SortingOrder: 0
--- !u!23 &23933946955040028
MeshRenderer:
  m_ObjectHideFlags: 1
  m_PrefabParentObject: {fileID: 0}
  m_PrefabInternal: {fileID: 100100000}
  m_GameObject: {fileID: 1548357785375764}
  m_Enabled: 1
  m_CastShadows: 1
  m_ReceiveShadows: 1
  m_MotionVectors: 1
  m_LightProbeUsage: 1
  m_ReflectionProbeUsage: 1
  m_Materials:
  - {fileID: 2100000, guid: e24cc13f45a46462195d7bcdfc861112, type: 2}
  m_StaticBatchInfo:
    firstSubMesh: 0
    subMeshCount: 0
  m_StaticBatchRoot: {fileID: 0}
  m_ProbeAnchor: {fileID: 0}
  m_LightProbeVolumeOverride: {fileID: 0}
  m_ScaleInLightmap: 1
  m_PreserveUVs: 1
  m_IgnoreNormalsForChartDetection: 0
  m_ImportantGI: 0
  m_SelectedEditorRenderState: 3
  m_MinimumChartSize: 4
  m_AutoUVMaxDistance: 0.5
  m_AutoUVMaxAngle: 89
  m_LightmapParameters: {fileID: 0}
  m_SortingLayerID: 0
  m_SortingOrder: 0
--- !u!23 &23977702241193590
MeshRenderer:
  m_ObjectHideFlags: 1
  m_PrefabParentObject: {fileID: 0}
  m_PrefabInternal: {fileID: 100100000}
  m_GameObject: {fileID: 1458495167653854}
  m_Enabled: 1
  m_CastShadows: 1
  m_ReceiveShadows: 1
  m_MotionVectors: 1
  m_LightProbeUsage: 1
  m_ReflectionProbeUsage: 1
  m_Materials:
  - {fileID: 2100000, guid: e24cc13f45a46462195d7bcdfc861112, type: 2}
  m_StaticBatchInfo:
    firstSubMesh: 0
    subMeshCount: 0
  m_StaticBatchRoot: {fileID: 0}
  m_ProbeAnchor: {fileID: 0}
  m_LightProbeVolumeOverride: {fileID: 0}
  m_ScaleInLightmap: 1
  m_PreserveUVs: 1
  m_IgnoreNormalsForChartDetection: 0
  m_ImportantGI: 0
  m_SelectedEditorRenderState: 3
  m_MinimumChartSize: 4
  m_AutoUVMaxDistance: 0.5
  m_AutoUVMaxAngle: 89
  m_LightmapParameters: {fileID: 0}
  m_SortingLayerID: 0
  m_SortingOrder: 0
--- !u!33 &33028092063659008
MeshFilter:
  m_ObjectHideFlags: 1
  m_PrefabParentObject: {fileID: 0}
  m_PrefabInternal: {fileID: 100100000}
  m_GameObject: {fileID: 1678455949583910}
  m_Mesh: {fileID: 10206, guid: 0000000000000000e000000000000000, type: 0}
--- !u!33 &33141680008705028
MeshFilter:
  m_ObjectHideFlags: 1
  m_PrefabParentObject: {fileID: 0}
  m_PrefabInternal: {fileID: 100100000}
  m_GameObject: {fileID: 1548357785375764}
  m_Mesh: {fileID: 10206, guid: 0000000000000000e000000000000000, type: 0}
--- !u!33 &33225423077149250
MeshFilter:
  m_ObjectHideFlags: 1
  m_PrefabParentObject: {fileID: 0}
  m_PrefabInternal: {fileID: 100100000}
  m_GameObject: {fileID: 1458495167653854}
  m_Mesh: {fileID: 10206, guid: 0000000000000000e000000000000000, type: 0}
--- !u!33 &33787789623033202
MeshFilter:
  m_ObjectHideFlags: 1
  m_PrefabParentObject: {fileID: 0}
  m_PrefabInternal: {fileID: 100100000}
  m_GameObject: {fileID: 1112608690323870}
  m_Mesh: {fileID: 10206, guid: 0000000000000000e000000000000000, type: 0}
--- !u!33 &33824967601474532
MeshFilter:
  m_ObjectHideFlags: 1
  m_PrefabParentObject: {fileID: 0}
  m_PrefabInternal: {fileID: 100100000}
  m_GameObject: {fileID: 1015567760296616}
  m_Mesh: {fileID: 10202, guid: 0000000000000000e000000000000000, type: 0}
--- !u!54 &54563318746496308
Rigidbody:
  m_ObjectHideFlags: 1
  m_PrefabParentObject: {fileID: 0}
  m_PrefabInternal: {fileID: 100100000}
  m_GameObject: {fileID: 1220468668452110}
  serializedVersion: 2
  m_Mass: 10
  m_Drag: 0
  m_AngularDrag: 0.05
  m_UseGravity: 1
  m_IsKinematic: 0
  m_Interpolate: 0
  m_Constraints: 0
  m_CollisionDetection: 0
--- !u!65 &65538100295706574
BoxCollider:
  m_ObjectHideFlags: 1
  m_PrefabParentObject: {fileID: 0}
  m_PrefabInternal: {fileID: 100100000}
  m_GameObject: {fileID: 1015567760296616}
  m_Material: {fileID: 0}
  m_IsTrigger: 0
  m_Enabled: 1
  serializedVersion: 2
  m_Size: {x: 1, y: 1, z: 1}
  m_Center: {x: 0, y: 0, z: 0}
--- !u!136 &136127556742444922
CapsuleCollider:
  m_ObjectHideFlags: 1
  m_PrefabParentObject: {fileID: 0}
  m_PrefabInternal: {fileID: 100100000}
  m_GameObject: {fileID: 1458495167653854}
  m_Material: {fileID: 0}
  m_IsTrigger: 0
  m_Enabled: 1
  m_Radius: 0.5
  m_Height: 2
  m_Direction: 1
  m_Center: {x: 0, y: 0, z: 0}
--- !u!136 &136144904548167056
CapsuleCollider:
  m_ObjectHideFlags: 1
  m_PrefabParentObject: {fileID: 0}
  m_PrefabInternal: {fileID: 100100000}
  m_GameObject: {fileID: 1678455949583910}
  m_Material: {fileID: 0}
  m_IsTrigger: 0
  m_Enabled: 1
  m_Radius: 0.5
  m_Height: 2
  m_Direction: 1
  m_Center: {x: 0, y: 0, z: 0}
--- !u!136 &136496818393939056
CapsuleCollider:
  m_ObjectHideFlags: 1
  m_PrefabParentObject: {fileID: 0}
  m_PrefabInternal: {fileID: 100100000}
  m_GameObject: {fileID: 1112608690323870}
  m_Material: {fileID: 0}
  m_IsTrigger: 0
  m_Enabled: 1
  m_Radius: 0.5
  m_Height: 2
  m_Direction: 1
  m_Center: {x: 0, y: 0, z: 0}
--- !u!136 &136759305101306814
CapsuleCollider:
  m_ObjectHideFlags: 1
  m_PrefabParentObject: {fileID: 0}
  m_PrefabInternal: {fileID: 100100000}
  m_GameObject: {fileID: 1548357785375764}
  m_Material: {fileID: 0}
  m_IsTrigger: 0
  m_Enabled: 1
  m_Radius: 0.5
  m_Height: 2
  m_Direction: 1
  m_Center: {x: 0, y: 0, z: 0}
--- !u!137 &137158478973958116
SkinnedMeshRenderer:
  m_ObjectHideFlags: 1
  m_PrefabParentObject: {fileID: 0}
  m_PrefabInternal: {fileID: 100100000}
  m_GameObject: {fileID: 1454549085483068}
  m_Enabled: 1
  m_CastShadows: 1
  m_ReceiveShadows: 1
  m_MotionVectors: 1
  m_LightProbeUsage: 0
  m_ReflectionProbeUsage: 0
  m_Materials:
  - {fileID: 2100000, guid: c7c391708a29b437aa242088d8722376, type: 2}
  m_StaticBatchInfo:
    firstSubMesh: 0
    subMeshCount: 0
  m_StaticBatchRoot: {fileID: 0}
  m_ProbeAnchor: {fileID: 0}
  m_LightProbeVolumeOverride: {fileID: 0}
  m_ScaleInLightmap: 1
  m_PreserveUVs: 0
  m_IgnoreNormalsForChartDetection: 0
  m_ImportantGI: 0
  m_SelectedEditorRenderState: 3
  m_MinimumChartSize: 4
  m_AutoUVMaxDistance: 0.5
  m_AutoUVMaxAngle: 89
  m_LightmapParameters: {fileID: 0}
  m_SortingLayerID: 0
  m_SortingOrder: 0
  serializedVersion: 2
  m_Quality: 0
  m_UpdateWhenOffscreen: 0
  m_SkinnedMotionVectors: 1
  m_Mesh: {fileID: 10209, guid: 0000000000000000e000000000000000, type: 0}
  m_Bones: []
  m_BlendShapeWeights: []
  m_RootBone: {fileID: 0}
  m_AABB:
    m_Center: {x: -0.00024414062, y: 0, z: 0}
    m_Extent: {x: 4.9999695, y: 16.883064, z: 4.999999}
  m_DirtyAABB: 0
--- !u!183 &183747114581572926
Cloth:
  m_ObjectHideFlags: 1
  m_PrefabParentObject: {fileID: 0}
  m_PrefabInternal: {fileID: 100100000}
  m_GameObject: {fileID: 1454549085483068}
  m_Enabled: 1
  m_StretchingStiffness: 1
  m_BendingStiffness: 1
  m_UseTethers: 1
  m_UseGravity: 0
  m_Damping: 0.2
  m_ExternalAcceleration: {x: 0.1, y: 0, z: 0.3}
  m_RandomAcceleration: {x: 0, y: 0, z: 2}
  m_WorldVelocityScale: 0.5
  m_WorldAccelerationScale: 1
  m_Friction: 0.5
  m_CollisionMassScale: 0
  m_UseContinuousCollision: 1
  m_UseVirtualParticles: 1
  m_SolverFrequency: 120
  m_SleepThreshold: 0.1
  m_Coefficients:
  - maxDistance: 0.2
    collisionSphereDistance: 3.4028235e+38
  - maxDistance: 0.2
    collisionSphereDistance: 3.4028235e+38
  - maxDistance: 0.2
    collisionSphereDistance: 3.4028235e+38
  - maxDistance: 0.2
    collisionSphereDistance: 3.4028235e+38
  - maxDistance: 0.2
    collisionSphereDistance: 3.4028235e+38
  - maxDistance: 0.2
    collisionSphereDistance: 3.4028235e+38
  - maxDistance: 0.2
    collisionSphereDistance: 3.4028235e+38
  - maxDistance: 0.2
    collisionSphereDistance: 3.4028235e+38
  - maxDistance: 0.2
    collisionSphereDistance: 3.4028235e+38
  - maxDistance: 0.2
    collisionSphereDistance: 3.4028235e+38
  - maxDistance: 0.2
    collisionSphereDistance: 3.4028235e+38
  - maxDistance: 0.2
    collisionSphereDistance: 3.4028235e+38
  - maxDistance: 3.4028235e+38
    collisionSphereDistance: 3.4028235e+38
  - maxDistance: 3.4028235e+38
    collisionSphereDistance: 3.4028235e+38
  - maxDistance: 3.4028235e+38
    collisionSphereDistance: 3.4028235e+38
  - maxDistance: 3.4028235e+38
    collisionSphereDistance: 3.4028235e+38
  - maxDistance: 3.4028235e+38
    collisionSphereDistance: 3.4028235e+38
  - maxDistance: 3.4028235e+38
    collisionSphereDistance: 3.4028235e+38
  - maxDistance: 3.4028235e+38
    collisionSphereDistance: 3.4028235e+38
  - maxDistance: 3.4028235e+38
    collisionSphereDistance: 3.4028235e+38
  - maxDistance: 3.4028235e+38
    collisionSphereDistance: 3.4028235e+38
  - maxDistance: 0.2
    collisionSphereDistance: 3.4028235e+38
  - maxDistance: 0.2
    collisionSphereDistance: 3.4028235e+38
  - maxDistance: 3.4028235e+38
    collisionSphereDistance: 3.4028235e+38
  - maxDistance: 3.4028235e+38
    collisionSphereDistance: 3.4028235e+38
  - maxDistance: 3.4028235e+38
    collisionSphereDistance: 3.4028235e+38
  - maxDistance: 3.4028235e+38
    collisionSphereDistance: 3.4028235e+38
  - maxDistance: 3.4028235e+38
    collisionSphereDistance: 3.4028235e+38
  - maxDistance: 3.4028235e+38
    collisionSphereDistance: 3.4028235e+38
  - maxDistance: 3.4028235e+38
    collisionSphereDistance: 3.4028235e+38
  - maxDistance: 3.4028235e+38
    collisionSphereDistance: 3.4028235e+38
  - maxDistance: 3.4028235e+38
    collisionSphereDistance: 3.4028235e+38
  - maxDistance: 0.2
    collisionSphereDistance: 3.4028235e+38
  - maxDistance: 0.2
    collisionSphereDistance: 3.4028235e+38
  - maxDistance: 3.4028235e+38
    collisionSphereDistance: 3.4028235e+38
  - maxDistance: 3.4028235e+38
    collisionSphereDistance: 3.4028235e+38
  - maxDistance: 3.4028235e+38
    collisionSphereDistance: 3.4028235e+38
  - maxDistance: 3.4028235e+38
    collisionSphereDistance: 3.4028235e+38
  - maxDistance: 3.4028235e+38
    collisionSphereDistance: 3.4028235e+38
  - maxDistance: 3.4028235e+38
    collisionSphereDistance: 3.4028235e+38
  - maxDistance: 3.4028235e+38
    collisionSphereDistance: 3.4028235e+38
  - maxDistance: 3.4028235e+38
    collisionSphereDistance: 3.4028235e+38
  - maxDistance: 3.4028235e+38
    collisionSphereDistance: 3.4028235e+38
  - maxDistance: 0.2
    collisionSphereDistance: 3.4028235e+38
  - maxDistance: 0.2
    collisionSphereDistance: 3.4028235e+38
  - maxDistance: 3.4028235e+38
    collisionSphereDistance: 3.4028235e+38
  - maxDistance: 3.4028235e+38
    collisionSphereDistance: 3.4028235e+38
  - maxDistance: 3.4028235e+38
    collisionSphereDistance: 3.4028235e+38
  - maxDistance: 3.4028235e+38
    collisionSphereDistance: 3.4028235e+38
  - maxDistance: 3.4028235e+38
    collisionSphereDistance: 3.4028235e+38
  - maxDistance: 3.4028235e+38
    collisionSphereDistance: 3.4028235e+38
  - maxDistance: 3.4028235e+38
    collisionSphereDistance: 3.4028235e+38
  - maxDistance: 3.4028235e+38
    collisionSphereDistance: 3.4028235e+38
  - maxDistance: 3.4028235e+38
    collisionSphereDistance: 3.4028235e+38
  - maxDistance: 0
    collisionSphereDistance: 3.4028235e+38
  - maxDistance: 0.2
    collisionSphereDistance: 3.4028235e+38
  - maxDistance: 3.4028235e+38
    collisionSphereDistance: 3.4028235e+38
  - maxDistance: 3.4028235e+38
    collisionSphereDistance: 3.4028235e+38
  - maxDistance: 3.4028235e+38
    collisionSphereDistance: 3.4028235e+38
  - maxDistance: 3.4028235e+38
    collisionSphereDistance: 3.4028235e+38
  - maxDistance: 3.4028235e+38
    collisionSphereDistance: 3.4028235e+38
  - maxDistance: 3.4028235e+38
    collisionSphereDistance: 3.4028235e+38
  - maxDistance: 3.4028235e+38
    collisionSphereDistance: 3.4028235e+38
  - maxDistance: 3.4028235e+38
    collisionSphereDistance: 3.4028235e+38
  - maxDistance: 3.4028235e+38
    collisionSphereDistance: 3.4028235e+38
  - maxDistance: 0.2
    collisionSphereDistance: 3.4028235e+38
  - maxDistance: 0.2
    collisionSphereDistance: 3.4028235e+38
  - maxDistance: 3.4028235e+38
    collisionSphereDistance: 3.4028235e+38
  - maxDistance: 3.4028235e+38
    collisionSphereDistance: 3.4028235e+38
  - maxDistance: 3.4028235e+38
    collisionSphereDistance: 3.4028235e+38
  - maxDistance: 3.4028235e+38
    collisionSphereDistance: 3.4028235e+38
  - maxDistance: 3.4028235e+38
    collisionSphereDistance: 3.4028235e+38
  - maxDistance: 3.4028235e+38
    collisionSphereDistance: 3.4028235e+38
  - maxDistance: 3.4028235e+38
    collisionSphereDistance: 3.4028235e+38
  - maxDistance: 3.4028235e+38
    collisionSphereDistance: 3.4028235e+38
  - maxDistance: 3.4028235e+38
    collisionSphereDistance: 3.4028235e+38
  - maxDistance: 0.2
    collisionSphereDistance: 3.4028235e+38
  - maxDistance: 0.2
    collisionSphereDistance: 3.4028235e+38
  - maxDistance: 3.4028235e+38
    collisionSphereDistance: 3.4028235e+38
  - maxDistance: 3.4028235e+38
    collisionSphereDistance: 3.4028235e+38
  - maxDistance: 3.4028235e+38
    collisionSphereDistance: 3.4028235e+38
  - maxDistance: 3.4028235e+38
    collisionSphereDistance: 3.4028235e+38
  - maxDistance: 3.4028235e+38
    collisionSphereDistance: 3.4028235e+38
  - maxDistance: 3.4028235e+38
    collisionSphereDistance: 3.4028235e+38
  - maxDistance: 3.4028235e+38
    collisionSphereDistance: 3.4028235e+38
  - maxDistance: 3.4028235e+38
    collisionSphereDistance: 3.4028235e+38
  - maxDistance: 3.4028235e+38
    collisionSphereDistance: 3.4028235e+38
  - maxDistance: 0.2
    collisionSphereDistance: 3.4028235e+38
  - maxDistance: 0.2
    collisionSphereDistance: 3.4028235e+38
  - maxDistance: 3.4028235e+38
    collisionSphereDistance: 3.4028235e+38
  - maxDistance: 3.4028235e+38
    collisionSphereDistance: 3.4028235e+38
  - maxDistance: 3.4028235e+38
    collisionSphereDistance: 3.4028235e+38
  - maxDistance: 3.4028235e+38
    collisionSphereDistance: 3.4028235e+38
  - maxDistance: 3.4028235e+38
    collisionSphereDistance: 3.4028235e+38
  - maxDistance: 3.4028235e+38
    collisionSphereDistance: 3.4028235e+38
  - maxDistance: 3.4028235e+38
    collisionSphereDistance: 3.4028235e+38
  - maxDistance: 3.4028235e+38
    collisionSphereDistance: 3.4028235e+38
  - maxDistance: 3.4028235e+38
    collisionSphereDistance: 3.4028235e+38
  - maxDistance: 0.2
    collisionSphereDistance: 3.4028235e+38
  - maxDistance: 0.2
    collisionSphereDistance: 3.4028235e+38
  - maxDistance: 3.4028235e+38
    collisionSphereDistance: 3.4028235e+38
  - maxDistance: 3.4028235e+38
    collisionSphereDistance: 3.4028235e+38
  - maxDistance: 3.4028235e+38
    collisionSphereDistance: 3.4028235e+38
  - maxDistance: 3.4028235e+38
    collisionSphereDistance: 3.4028235e+38
  - maxDistance: 3.4028235e+38
    collisionSphereDistance: 3.4028235e+38
  - maxDistance: 3.4028235e+38
    collisionSphereDistance: 3.4028235e+38
  - maxDistance: 3.4028235e+38
    collisionSphereDistance: 3.4028235e+38
  - maxDistance: 3.4028235e+38
    collisionSphereDistance: 3.4028235e+38
  - maxDistance: 3.4028235e+38
    collisionSphereDistance: 3.4028235e+38
  - maxDistance: 0.2
    collisionSphereDistance: 3.4028235e+38
  - maxDistance: 0.2
    collisionSphereDistance: 3.4028235e+38
  - maxDistance: 0.2
    collisionSphereDistance: 3.4028235e+38
  - maxDistance: 0.2
    collisionSphereDistance: 3.4028235e+38
  - maxDistance: 0.2
    collisionSphereDistance: 3.4028235e+38
  - maxDistance: 0.2
    collisionSphereDistance: 3.4028235e+38
  - maxDistance: 0.2
    collisionSphereDistance: 3.4028235e+38
  - maxDistance: 0.2
    collisionSphereDistance: 3.4028235e+38
  - maxDistance: 0.2
    collisionSphereDistance: 3.4028235e+38
  - maxDistance: 0.2
    collisionSphereDistance: 3.4028235e+38
  - maxDistance: 0.2
    collisionSphereDistance: 3.4028235e+38
  - maxDistance: 0.2
    collisionSphereDistance: 3.4028235e+38
  m_CapsuleColliders: []
  m_SphereColliders: []
